@article{Goodstein,
   author={Goodstein, Reuben},
   title={On the Restricted Ordinal Theorem},
   journal={The Journal of Symbolic Logic},
   volume={9},
   year=1944,
   pages={33-41}
}

@article{Gumanski,
   author={Gumański, Leon},
   title={The Decidability of The First–Order Functional Calculus},
   journal={Ruch Filozoficzny},
   volume={57},
   year=1983,
   pages={411-438}
}

@article{KirbyParis,
   author={Kirby, Laurie and Paris, Jeff},
   title={Accessible Independence Results for Peano Arithmetic},
   journal={Bulletin of the London Mathematical Society},
   year=1982,
    volume={14},
    pages={285-293}
}

@article{Church,
   author={Church, Alonzo},
   title={An Unsolvable Problem of Elementary Number Theory},
   journal={American Journal of Mathematics},
   volume={58},
   year={1936},
    pages={345-363}
}

@book{Bhavani,
author = {Thuraisngham, Bhavani and Kantarcioglu, Murat and Khan, Latifur},
year = {2022},
month = {02},
pages = {},
title = {Secure Data Science: Integrating Cyber Security and Data Science},
isbn = {9781003081845},
doi = {10.1201/9781003081845}
}
