@misc{budyn,
   title={Przykładowe algorytmy},
	howpublished = {\url{https://zsedabrowa.edu.pl/2016/09/02/przykladowe-algorytmy-z-zycia-codziennego}},
    note = {Dostęp: 2022-05-28}
}

@misc{Wykladnicza,
	title={Funkcja wykładnicza},
	howpublished = {\url{https://pl.wikipedia.org/wiki/Funkcja_wykladnicza}},
    note = {Dostęp: 2022-05-24}
}

@misc{graf,
	title={Graf pełny},
	howpublished = {\url{https://pl.wikipedia.org/wiki/Graf_pe%C5%82ny}},
    note = {Dostęp: 2022-05-28}
}
@misc{blokowy,
	title={Schemat blokowy},
	howpublished = {\url{https://pl.wikipedia.org/wiki/Schemat_blokowy}},
    note = {Dostęp: 2022-05-28}
}

